@misc{CME323-Lec3,
  author = {Nguyen, Tuan and Adamson, Alex and Santucci, Andreas},
  title = {Lecture 3: Distributed Algorithms and Optimization},
  howpublished = {Course lecture notes},
  month = {April},
  year = {2016},
  note = {Scribed for CME 323: Distributed Algorithms and Optimization, Stanford University},
  url = {http://stanford.edu/~rezab/dao},
  urldate = {2024-02-24}
}
