@article{thabit2013novel,
  title={Novel approach of selection sort algorithm with parallel computing and dynamic programing concepts},
  author={Thabit, Khaled and Bawazir, Afnan},
  journal={Journal of King Abdulaziz University Computing and Information Technology Sciences},
  volume={2},
  pages={27--44},
  year={2013}
}